% ------------------------------------------------------------------------
% BIBLIOGRAPHY FILE
% ------------------------------------------------------------------------

@article{hanisch2010international,
  title={{The international virtual observatory}},
  author={Hanisch, RJ and Quinn, PJ},
  journal={TheIVOA},
  volume={24},
  year={2010}
}

@article{williams2004virtual,
  title={{Virtual Observatory Architecture Overview}},
  author={Williams, R. and Hanischet, B. and others},
  journal={Retrieved October},
  volume={24},
  pages={2008},
  year={2004}
}

@article{berners1990worldwideweb,
  title={{WorldWideWeb: Proposal for a HyperText project}},
  author={Berners-Lee, T. and Cailliau, R.},
  journal={European Particle Physics Laboratory (CERN)},
  year={1990}
}

@article{gray2007,
  title={{An RDF version of the VO Registry}},
  author={Norman Gray},
  journal={IVOA Note (V1.0, 2007 September 20) },
  volume={},
  year={2007}
}


@article{bensonivoa,
  title={{IVOA Registry Interfaces}},
  author={Benson, K. and Plante, R. and Auden, E. and others},
  journal={IVOA Working Draft},
  year={2009}
}

@article{ballastroinformatics,
  title={{The Long Range Plan for Canadian Astronomy: 2010-2020}},
  journal={{The Long Range Plan for Canadian Astronomy: 2010-2020}},
  author={Ball, N.M. and Schade, D.},
  year={2010}
}

@article{fits1997,
  title={{A User’s Guide for the Flexible Image Transport System}},
  author={Schlesinger, B.},
  journal={{A User’s Guide for the Flexible Image Transport System}},
  year={1997},
  publisher={Goddard Space Flight Center}
}

@article{nrc1995,
  title={{Preserving Scientiﬁc Data on our Physical Universe}},
  author={Kenneth Thibodeau},
  journal={{Preserving Scientiﬁc Data on our Physical Universe}},
  year={1995},
  publisher={National Academy Press}
}

@article{porter2003classical,
  title={{Classical Be Stars}},
  author={Porter, J.M. and Rivinius, T.},
  journal={Publications of the Astronomical Society of the Pacific},
  volume={115},
  number={812},
  pages={1153--1170},
  issn={0004-6280},
  year={2003}
}

@article{becla2006designing,
  title={{Designing a multi-petabyte database for LSST}},
  author={Becla, J. and Hanushevsky, A. and Nikolaev, S. and Abdulla, G. and Szalay, A. and Nieto-Santisteban, M. and Thakar, A. and Gray, J.},
  journal={Arxiv preprint cs/0604112},
  year={2006}
}


@article{wenger2000simbad,
  title={{The SIMBAD astronomical database}},
  author={Wenger, M. and Ochsenbein, F. and Egret, D. and Dubois, P. and Bonnarel, F. and Borde, S. and Genova, F. and Jasniewicz, G. and Lalo{\\"e}, S. and Lesteven, S. and others},
  journal={Arxiv preprint astro-ph/0002110},
  year={2000}
}

@article{ball2010data,
  title={{Data mining and machine learning in astronomy}},
  author={Ball, N.M. and Brunner, R.J. and Gregory, R.},
  journal={International Journal of Modern Physics D},
  volume={19},
  number={7},
  pages={1049--1106},
  issn={0218-2718},
  year={2010},
  publisher={World Scientific Publishing Co., Inc., 27 Warren Street Suite 401-402 Hackensack NJ 07601 USA}
}

@article{kotsiantis2007supervised,
  title={{Supervised machine learning: A review of classification techniques}},
  author={Kotsiantis, SB and Zaharakis, ID and Pintelas, PE},
  journal={Emerging artificial intelligence applications in computer engineering},
  volume={160},
  pages={3},
  isbn={1586037803},
  year={2007},
  publisher={Ios Pr Inc}
}

@book{quinlan1993c4,
  title={{C4. 5: programs for machine learning}},
  author={Quinlan, J.R.},
  isbn={1558602380},
  year={1993},
  publisher={Morgan Kaufmann}
}

@book{witten2005data,
  title={{Data Mining: Practical machine learning tools and techniques}},
  author={Witten, I.H. and Frank, E.},
  isbn={0120884070},
  year={2005},
  publisher={Morgan Kaufmann Pub}
}

@article{silaj2010systematic,
  title={{A Systematic Study of H$\alpha$ Profiles of Be Stars}},
  author={Silaj, J. and Jones, CE and Tycner, C. and Sigut, TAA and Smith, AD},
  journal={The Astrophysical Journal Supplement Series},
  volume={187},
  pages={228},
  year={2010},
  publisher={IOP Publishing}
}


@article{hirata1984star,
  title={{The Be star phenomena. II-Spectral formation and structure of envelopes}},
  author={Hirata, R. and Kogure, T.},
  journal={Bulletin of the Astronomical Society of India},
  volume={12},
  pages={109--151},
  issn={0304-9523},
  year={1984}
}

@article{van1995halpha,
  title={{Halpha emission and infrared excess in Be stars: probing the circumstellar disc.}},
  author={Van Kerkwijk, MH and Waters, L. and Marlborough, JM},
  journal={Astronomy and Astrophysics},
  volume={300},
  pages={259},
  issn={0004-6361},
  year={1995}
}

@article{slettebak1988stars,
  title={{The Be stars}},
  author={Slettebak, A.},
  journal={Publications of the Astronomical Society of the Pacific},
  volume={100},
  pages={770--784},
  issn={0004-6280},
  year={1988}
}

@article{bukvic2008advanced,
  title={{Advanced fit technique for astrophysical spectra}},
  author={Bukvi{\'c}, S. and Spasojevi{\'c}, D. and {\v{Z}}igman, V.},
  journal={Astronomy and Astrophysics},
  volume={477},
  number={3},
  pages={967--977},
  issn={0004-6361},
  year={2008},
  publisher={EDP Sciences}
}


@book{launer1979robustness,
  title={{Robustness in statistics: proceedings of a workshop}},
  author={Launer, R.L.},
  year={1979},
  publisher={Academic Pr}
}

@article{hall2009weka,
  title={{The WEKA data mining software: an update}},
  author={Hall, M. and Frank, E. and Holmes, G. and Pfahringer, B. and Reutemann, P. and Witten, I.H.},
  journal={ACM SIGKDD Explorations Newsletter},
  volume={11},
  number={1},
  pages={10--18},
  issn={1931-0145},
  year={2009},
  publisher={ACM}
}

@misc{GPL,
  title = {{GNU General Public License}},
  author = "{Free Software Foundation}",
  url = {http://www.gnu.org/copyleft/gpl.html},
  year = {2007}
}

@book{berka2003dobyvani,
  title={{Dob{\'y}v{\'a}n{\'\i} znalost{\'\i} z datab{\'a}z{\'\i}}},
  author={Berka, P.},
  isbn={8020010629},
  year={2003},
  publisher={Academia}
}

@article{perryman1997hipparcos,
  title={{The HIPPARCOS catalogue}},
  author={Perryman, MAC and Lindegren, L. and Kovalevsky, J. and Hoeg, E. and Bastian, U. and Bernacca, PL and Cr{\'e}z{\'e}, M. and Donati, F. and Grenon, M. and van Leeuwen, F. and others},
  journal={Astronomy and Astrophysics},
  volume={323},
  pages={L49--L52},
  issn={0004-6361},
  year={1997}
}

@article{skrutskie2006two,
  title={{The two micron all sky survey (2MASS)}},
  author={Skrutskie, MF and Cutri, RM and Stiening, R. and Weinberg, MD and Schneider, S. and Carpenter, JM and Beichman, C. and Capps, R. and Chester, T. and Elias, J. and others},
  journal={The Astronomical Journal},
  volume={131},
  pages={1163},
  year={2006},
  publisher={IOP Publishing}
}

@article{cohen2003spectral,
  title={{Spectral Irradiance Calibration in the Infrared. XIV. The absolute calibration of 2MASS}},
  author={Cohen, M. and Wheaton, W.A. and Megeath, ST},
  journal={The Astronomical Journal},
  volume={126},
  pages={1090},
  year={2003},
  publisher={IOP Publishing}
}

@article{fukugita1996sloan,
  title={{The Sloan digital sky survey photometric system}},
  author={Fukugita, M. and Ichikawa, T. and Gunn, JE and Doi, M. and Shimasaku, K. and Schneider, DP},
  journal={The Astronomical Journal},
  volume={111},
  pages={1748},
  issn={0004-6256},
  year={1996}
}

@article{brescia2011extracting,
  title={Extracting Knowledge From Massive Astronomical Data Sets},
  author={Brescia, M. and Cavuoti, S. and Djorgovski, SG and Donalek, C. and Longo, G. and Paolillo, M.},
  journal={Arxiv preprint arXiv:1109.2840},
  year={2011}
}


% ------------------------------------------------------------------------
